
@misc{marcin_wisniewski_pid_2015,
	title = {{PID} control of an inverted pendulum using {Arduino} {Mega} 2560 - {Odwrócone} wahadło},
	url = {https://www.youtube.com/watch?v=4kIrcELC79o},
	urldate = {2023-01-22},
	author = {{Marcin Wisniewski}},
	month = jul,
	year = {2015},
}
